@article{Zinkle:1,
title = "Accident tolerant fuels for LWRs: A perspective ",
journal = "Journal of Nuclear Materials ",
volume = "448",
number = "1â€“3",
pages = "374 - 379",
year = "2014",
note = "",
issn = "0022-3115",
doi = "http://dx.doi.org/10.1016/j.jnucmat.2013.12.005",
url = "//www.sciencedirect.com/science/article/pii/S0022311513012919",
author = "S.J. Zinkle and K.A. Terrani and J.C. Gehin and L.J. Ott and L.L. Snead"
}

@article{conference,
	title={On-going studies at CEA on chromium coated zirconium based nuclear fuel claddings for enhanced Accident Tolerant LWRs Fuel},
	author={Brachet, JC and Le Saux, M and Le Flem, M and Urvoy, S and Rouesne, E and Guilbert, T and Cobac, C and Lahogue, F and Rousselot, J and Tupin, M and others}
}

@article{highvelmicro,
	title = "High velocity impact induced microstructure evolution during deposition of cold spray coatings: A review ",
	journal = "Surface and Coatings Technology ",
	volume = "254",
	number = "",
	pages = "11 - 20",
	year = "2014",
	note = "",
	issn = "0257-8972",
	doi = "http://dx.doi.org/10.1016/j.surfcoat.2014.06.006",
	url = "//www.sciencedirect.com/science/article/pii/S0257897214005143",
	author = "Xiao-Tao Luo and Cheng-Xin Li and Fu-Lin Shang and Guan-Jun Yang and Yu-Yue Wang and Chang-Jiu Li",
	keywords = "Cold spraying",
	keywords = "High strain rate plastic deformation",
	keywords = "Densification",
	keywords = "Residual stress",
	keywords = "Microstructure evolution "
}

@article{Peat20171635,
title = "The erosion performance of cold spray deposited metal matrix composite coatings with subsequent friction stir processing ",
journal = "Applied Surface Science ",
volume = "396",
number = "",
pages = "1635 - 1648",
year = "2017",
note = "",
issn = "0169-4332",
doi = "http://dx.doi.org/10.1016/j.apsusc.2016.10.156",
url = "//www.sciencedirect.com/science/article/pii/S0169433216322802",
author = "Tom Peat and Alexander Galloway and Athanasios Toumpis and Philip McNutt and Naveed Iqbal",
keywords = "SprayStir",
keywords = "Friction stir processing",
keywords = "Cold spray",
keywords = "Metal matrix composite",
keywords = "Slurry erosion",
keywords = "Cermet "
}

@article{rebak2015alloy,
  title={Alloy Selection for Accident Tolerant Fuel Cladding in Commercial Light Water Reactors},
  author={Rebak, Raul B},
  journal={Metallurgical and Materials Transactions E},
  volume={2},
  number={4},
  pages={197--207},
  year={2015},
  publisher={Springer}
}

@article{stoltenhoff2002analysis,
  title={An analysis of the cold spray process and its coatings},
  author={Stoltenhoff, T and Kreye, H and Richter, HJ},
  journal={Journal of Thermal Spray Technology},
  volume={11},
  number={4},
  pages={542--550},
  year={2002},
  publisher={Springer}
}

@ARTICLE {,
    author  = "Shannon Bragg-Sitton",
    title   = "Development of advanced accident- tolerant fuels for commercial LWRs",
    journal = "Nuclear News",
    year    = "2014",
    pages   = "82-91",
    month   = "mar"
}

@article{pint2015material,
  title={Material selection for accident tolerant fuel cladding},
  author={Pint, Bruce A and Terrani, Kurt A and Yamamoto, Yukinori and Snead, Lance Lewis},
  journal={Metallurgical and Materials Transactions E},
  volume={2},
  number={3},
  pages={190--196},
  year={2015},
  publisher={Springer}
}
